@book{faraway2004linear,
  title={Linear Models with R},
  author={Faraway, J.J.},
  isbn={9780203507278},
  lccn={2004051916},
  series={Chapman \& Hall/CRC Texts in Statistical Science},
  url={https://books.google.com.br/books?id=fvenzpofkagC},
  year={2004},
  publisher={Taylor \& Francis}
}
@book{hoccheim1,
  Address = {Florianópolis},
  Author = {Norberto Hoccheim},
  Title = {Engenharia de Avaliações},
  Subtitle = {Módulo Avançado},
  Publisher = {IBAPE - SC},
  Year = {2015}
}
@book{hoccheim2,
  Address = {Florianópolis},
  Author = {Norberto Hoccheim},
  Title = {Avaliação de Terrenos e Glebas pelo Método Involutivo},
  Publisher = {IBAPE - SC},
  Month = {Outubro},
  Year = {2017}
}
@book{hoccheim3,
  Address = {Florianópolis},
  Author = {Norberto Hoccheim},
  Title = {Engenharia de Avaliações I},
  Subtitle = {Introdução à Avaliação de Imóveis Urbanos},
  Publisher = {IBAPE - SC},
  Month = {Maio},
  Year = {2005}
}
@book{hoccheim4,
  Address = {Florianópolis},
  Author = {Norberto Hoccheim},
  Title = {Engenharia de Avaliações II},
  Publisher = {IBAPE - SC},
  Month = {Setembro},
  Year = {2000}
}
@Manual{R-appraiseR,
  title = {appraiseR: Tools for Real Estate Appraisal},
  author = {Luiz Droubi},
  note = {R package version 0.1.0.9000},
  url = {https://github.com/lfpdroubi/appraiseR},
  year = {2018},
}